@article {H1,
    AUTHOR = {Hofer, H.},
     TITLE = {On the topological properties of symplectic maps},
   JOURNAL = {Proc. Roy. Soc. Edinburgh Sect. A},
  FJOURNAL = {Proceedings of the Royal Society of Edinburgh. Section A.
              Mathematics},
    VOLUME = {115},
      YEAR = {1990},
    NUMBER = {1-2},
     PAGES = {25--38},
      ISSN = {0308-2105},
   MRCLASS = {58F05 (70H05)},
  MRNUMBER = {1059642},
MRREVIEWER = {Yong-Geun Oh},
       DOI = {10.1017/S0308210500024549},
       URL = {https://doi.org/10.1017/S0308210500024549},
}

@book {HZ,
    AUTHOR = {Hofer, Helmut and Zehnder, Eduard},
     TITLE = {Symplectic invariants and {H}amiltonian dynamics},
    SERIES = {Birkh\"{a}user Advanced Texts: Basler Lehrb\"{u}cher. [Birkh\"{a}user
              Advanced Texts: Basel Textbooks]},
 PUBLISHER = {Birkh\"{a}user Verlag, Basel},
      YEAR = {1994},
     PAGES = {xiv+341},
      ISBN = {3-7643-5066-0},
   MRCLASS = {58-02 (34C25 57R15 58E05 58F05 70H05)},
  MRNUMBER = {1306732},
MRREVIEWER = {Daniel M. Burns, Jr.},
       DOI = {10.1007/978-3-0348-8540-9},
       URL = {https://doi.org/10.1007/978-3-0348-8540-9},
}

@book {MS,
    AUTHOR = {McDuff, Dusa and Salamon, Dietmar},
     TITLE = {Introduction to symplectic topology},
    SERIES = {Oxford Mathematical Monographs},
      NOTE = {Oxford Science Publications},
 PUBLISHER = {The Clarendon Press, Oxford University Press, New York},
      YEAR = {1995},
     PAGES = {viii+425},
      ISBN = {0-19-851177-9},
   MRCLASS = {58F05 (53C15 57R57 58E05)},
  MRNUMBER = {1373431},
MRREVIEWER = {Hansj\"{o}rg Geiges},
}

@inproceedings {P8,
    AUTHOR = {Polterovich, Leonid},
     TITLE = {Geometry on the group of {H}amiltonian diffeomorphisms},
 BOOKTITLE = {Proceedings of the {I}nternational {C}ongress of
              {M}athematicians, {V}ol. {II} ({B}erlin, 1998)},
   JOURNAL = {Doc. Math.},
  FJOURNAL = {Documenta Mathematica},
      YEAR = {1998},
    NUMBER = {Extra Vol. II},
     PAGES = {401--410},
      ISSN = {1431-0635},
   MRCLASS = {37K65 (58B25 58D05)},
  MRNUMBER = {1648090},
MRREVIEWER = {Karl Friedrich Siburg},
}

@incollection {S1,
    AUTHOR = {Sikorav, J.-C.},
     TITLE = {Quelques propri\'{e}t\'{e}s des plongements lagrangiens},
      NOTE = {Analyse globale et physique math\'{e}matique (Lyon, 1989)},
   JOURNAL = {M\'{e}m. Soc. Math. France (N.S.)},
  FJOURNAL = {M\'{e}moires de la Soci\'{e}t\'{e} Math\'{e}matique de France. Nouvelle S\'{e}rie},
    NUMBER = {46},
      YEAR = {1991},
     PAGES = {151--167},
      ISSN = {0037-9484},
   MRCLASS = {57R40 (57R52 58F05)},
  MRNUMBER = {1125841},
}
